@article{Wangetal2013,
   author = {{Wang}, Q. and {Danilov}, S. and {Sidorenko}, D. and {Timmermann}, R. and
	{Wekerle}, C. and {Wang}, X. and {Jung}, T. and {Schr{\"o}ter}, J.
	},
    title = "{The Finite Element Sea ice-Ocean Model (FESOM): formulation of an unstructured-mesh ocean general circulation model}",
  journal = {Geoscientific Model Development Discussions},
     year = 2013,
    month = jul,
   volume = 6,
    pages = {3893-3976},
      doi = {10.5194/gmdd-6-3893-2013},
   adsurl = {http://adsabs.harvard.edu/abs/2013GMDD....6.3893W},
  adsnote = {Provided by the SAO/NASA Astrophysics Data System}
}

@inproceedings{FoldvikKvinge1974,
  title={Conditional instability of sea water at the freezing point},
  author={Foldvik, Arne and Kvinge, Thor},
  booktitle={Deep Sea Research and Oceanographic Abstracts},
  volume={21},
  number={3},
  pages={169--174},
  year={1974},
  organization={Elsevier}
}

@book{Hellmeretal1998,
  title={{O}ceanic erosion of a floating {A}ntarctic glacier in the {A}mundsen {S}ea},
  author={Hellmer, Hartmut H. and Jacobs, Stanley S. and Jenkins, Adrian},
  year={1998},
  pages={83--99},
  publisher={American Geophysical Union}
}
@article{Jackettetal2006,
  title={Algorithms for density, potential temperature, conservative temperature, and the freezing temperature of seawater.},
  author={Jackett, David R and McDougall, Trevor J and Feistel, Rainer and Wright, Daniel G and Griffies, Stephen M},
  journal={Journal of Atmospheric \& Oceanic Technology},
  volume={23},
  number={12},
  year={2006}
}

@article{Wexler1960,
  title={Heating and melting of floating ice shelves},
  author={Wexler, H},
  journal={Journal of Glaciology},
  volume={3},
  pages={626--645},
  year={1960}
}
